@preamble{ " \newcommand{\noop}[1]{} " } % a do-nothing command that serves a purpose

%%%%%%%%%%%%%%%%%%%%%%%%%%%%%%%%%%%%%%%%
% OPENMC
%%%%%%%%%%%%%%%%%%%%%%%%%%%%%%%%%%%%%%%%

@article{romano2013openmc,
  title = {{The OpenMC Monte Carlo Particle Transport Code}},
  author = {Romano, Paul K and Forget, Benoit},
  journal = {Ann. Nucl. Energy},
  volume = "51",
  pages = "274--281",
  year = 2013
}

@article{romano2015openmc,
  author =       {Paul K. Romano and Nicholas E. Horelik and Bryan R. Herman and
                  Adam G. Nelson and Benoit Forget},
  title =        {{OpenMC}: A state-of-the-art {Monte} {Carlo} code for research
                  and development},
  journal =      {Ann. Nucl. Energy},
  volume =       82,
  pages =        {90--97},
  year =         2015,
  doi =          {10.1016/j.anucene.2014.07.048},
}


@inproceedings{boyd2016bigdata,
  title = {{Equipping OpenMC for the Big Data Era}},
  author = {Boyd, William and Romano, Paul K and Harper, Sterling},
  booktitle = "PHYSOR",
  address = "Sun Valley, ID, USA",
  year = 2016
}

@misc{nndc2016endf,
  author = {{National Nuclear Data Center, Brookhaven National Laboratory}},
  title = {{ENDF/B-VII.1 Evaluated Nuclear Data Library}},
  howpublished = {\url{http://www.nndc.bnl.gov/endf/b7.1/}},
  note = {Accessed: 2016-08-09},
  year = 2016
}

@inproceedings{lax2014distribcell,
  title = {{An Algorithm for Identifying Unique Regions in Constructive Solid Geometries}},
  author = "D. Lax and W. Boyd and N. Horelik",
  booktitle = "PHYSOR",
  address = "Kyoto, Japan",
  year = 2014
}

%%%%%%%%%%%%%%%%%%%%%%%%%%%%%%%%%%%%%%%%
% OPENMOC
%%%%%%%%%%%%%%%%%%%%%%%%%%%%%%%%%%%%%%%%

@article{boyd2014openmoc,
  title = {{The OpenMOC Method of Characteristics Neutral Particle Transport Code}},
  author = {Boyd, William and Shaner, Samuel and Li, Lulu and Forget, Benoit and Smith, Kord},
  journal = {Ann. Nucl. Energy},
  volume = "68",
  pages = "43--52",
  year = 2014
}


%%%%%%%%%%%%%%%%%%%%%%%%%%%%%%%%%%%%%%%%%%%%%%%%%%%%%%
% MONTE CARLO MGXS GENERATION STUDIES - TRANSPORT ONLY
%%%%%%%%%%%%%%%%%%%%%%%%%%%%%%%%%%%%%%%%%%%%%%%%%%%%%%

@phdthesis{boyd2016thesis,
  title = {{Reactor Agnostic Multi-Group Cross Section Generation for Fine-Mesh Deterministic Neutron Transport Simulations}},
  author = {Boyd, William R. D.},
  school = "Massachusetts Institute of Technology (submitted)",
  year = 2016
}

@manual{serpent2013manual,
  title = {{Serpent -- A Continuous-Energy Monte Carlo Reactor Physics Burnup Calculation Code}},
  author = "Lepp{\"a}nen, Jaakko",
  organization = {VTT Technical Research Centre of Finland},
  volume = "4",
  year = 2013
}

@phdthesis{redmond1997multigroup,
  title = {{Multi-Group Cross Section Generation via Monte Carlo Methods}},
  author = {Redmond, Everett Lee},
  school = "Massachusetts Institute of Technology",
  year = 1997
}

@phdthesis{nelson2014improved,
  title = {{Improved Convergence Rate of Multi-Group Scattering Moment Tallies for Monte Carlo Neutron Transport Codes}},
  author = "Nelson, Adam",
  school = {University of Michigan},
  year = 2014
}

@phdthesis{cai2014condensation,
  title = {{Condensation and Homogenization of Cross Sections for the Deterministic Transport Codes with Monte Carlo Method: Application to the GEN IV Fast Neutron Reactors}},
  author = {Cai, Li},
  school = {Universit{\'e} Paris Sud-Paris XI},
  year = 2014
}
